@Inproceedings{Pathway:Petkov13,
  Title                    = {PAThWay: Performance Analysis and Tuning Using Workflows},
  Author                   = {Ventsislav Petkov and Michael Gerndt and Michael Firbach},
  Booktitle                = {Proceedings of the IEEE 10th International Conference HPCC\_EUC 2013},
  Year                     = {2013},
  note={\href{https://doi.org/10.1109/HPCC.and.EUC.2013.115}{DOI: 10.1109/HPCC.and.EUC.2013.115}}
}
@Article{filippopoulos2013exploration,
	author={Filippopoulos, Iason
	and Catthoor, Francky
	and Kjeldsberg, Per Gunnar},
	title={Exploration of energy efficient memory organisations for dynamic multimedia applications using system scenarios},
	journal={Design Automation for Embedded Systems},
	year={2013},
	note={\href{https://doi.org/10.1007/s10617-014-9145-6}{DOI: 10.1007/s10617-014-9145-6}}
}


@INPROCEEDINGS{PTF2.0IEEE2016,
	author={R. {Mijaković} and M. {Firbach} and M. {Gerndt}},
	booktitle={2016 2nd International Conference on Green High Performance Computing (ICGHPC)},
	title={{An architecture for flexible auto-tuning: The Periscope Tuning Framework 2.0}},
	year={2016},
	note={\href{https://doi.org/10.1109/ICGHPC.2016.7508066}{DOI: 10.1109/ICGHPC.2016.7508066}}
}

@INPROCEEDINGS{LIKWID, 
author={J. Treibig and G. Hager and G. Wellein},
booktitle={2010 39th International Conference on Parallel Processing Workshops},
title={{LIKWID: A Lightweight Performance-Oriented Tool Suite for x86 Multicore Environments}},
year={2010},
note={\href{https://doi.org/10.1109/ICPPW.2010.38}{DOI: 10.1109/ICPPW.2010.38}}
}

@InProceedings{PACO17,
        title        = {{Domain Knowledge Specification for Energy Tuning}},
        author       ={Chowdhury, Anamika and Kumaraswamy, Madhura and Gerndt, Michael and Bendifallah, Zakaria and Bouizi, Othman and {\v{R}}{\'i}ha, Lubom{\'i}r and Vysock\'y, Ond{\v{r}}ej and Beseda, Martin and Zapletal, Jan},
        booktitle    ={2nd Workshop on Power-Aware Computing 2017},
        year         ={2017},
        note={\href{https://doi.org/10.1002/cpe.4650}{DOI: 10.1002/cpe.4650}}
        }

@article{Bates2013,
	title={Achieving the 20 MW target: mobilizing the HPC community to accelerate energy efficient computing},
	author={Bates, Natalie J and Patterson, Michael K},
	journal={Transition of HPC Towards Exascale Computing. Advances in Parallel Computing. Volume 24: Transition of HPC Towards Exascale Computing},
	year={2013},
	note={\href{https://doi.org/10.3233/978-1-61499-324-7-37}{DOI: 10.3233/978-1-61499-324-7-37}}
}

@inproceedings{READEX-CSE-2015,
	Title                    = {Run-Time Exploitation of Application Dynamism for Energy-Efficient Exascale Computing ({READEX})},
	Author                   = {Y. Oleynik and M. Gerndt and J. Schuchart and P. G. Kjeldsberg and W. E. Nagel},
	Booktitle                = {IEEE 18th International Conference on Computational Science and Engineering (CSE)},
	Year                     = {2015},
	note={\href{https://doi.org/10.1109/CSE.2015.55}{DOI: 10.1109/CSE.2015.557}}
}

@inproceedings{guillen2016dvfs,
	Title={{DVFS} automatic tuning plugin for energy related tuning objectives},
	Author={C. Guillen and C. Navarrete and D. Brayford and W. Hesse and M. Brehm},
	Series={International Conference on Green High Performance Computing (ICGHPC)},
	Year={2016},
	note={\href{https://doi.org/10.1109/ICGHPC.2016.7508061}{DOI: 10.1109/ICGHPC.2016.7508061}}
}

@article{Schuchart2017,
	author  = {Schuchart, Joseph and Gerndt, Michael and Kjeldsberg, Per Gunnar and Lysaght, Michael and Hor{\'a}k, David and {\v{R}}{\'i}ha, Lubom{\'i}r and Gocht, Andreas and Sourouri, Mohammed and Kumaraswamy, Madhura and Chowdhury, Anamika and Jahre, Magnus and Diethelm, Kai and Bouizi, Othman and Mian, Umbreen Sabir and Kru{\v{z}}{\'i}k, Jakub and Sojka, Radim and Beseda, Martin and Kannan, Venkatesh and Bendifallah, Zakaria and Hackenberg, Daniel and Nagel, Wolfgang E},
	title   = {The {READEX} formalism for automatic tuning for energy efficiency},
	journal = {Computing},
	year    = {2017},
	note={\href{https://doi.org/10.1007/s00607-016-0532-7}{DOI: 10.1007/s00607-016-0532-7}}
}

@InProceedings{Gocht2019a,
  author    = {Gocht, Andreas and Schöne, Robert and and Frenzel, Jan},
  title     = {{Advanced Python Performance Monitoring with Score-P}},
  booktitle = {{Tools for High Performance Computing 2019}},
  year      = {2019},
  pages     = {(accepted)},
  publisher = {Springer International Publishing},
}

@book{AutoTune:Book2015,
	Title                    = {Automatic Tuning of {HPC} Applications - {The Periscope Tuning Framework}},
	Editor                   = {Gerndt, Michael and C{\'e}sar, Eduardo and Benkner, Siegfried},
	Publisher                = {Shaker Verlag},
	Year                     = {2015},
	ISBN                     = {978-3-8440-3517-9},
	note                     = {{ISBN:} 978-3-8440-3517-9}
}

@incollection{knupfer2012score,
	Title                    = {{Score-P}: {A} Joint Performance Measurement Run-time Infrastructure for {Periscope}, {Scalasca}, {TAU}, and {Vampir}},
	Author                   = {A. Kn\"upfer and C. R\"ossel and D. {an Mey} and S. Biersdorff and K. Diethelm and D. Eschweiler
	and M. Geimer and M. Gerndt and D. Lorenz and A. D. Malony and W. E. Nagel and Y. Oleynik and
	P. Philippen and P. Saviankou and D. Schmidl and S. S. Shende and R. Tsch\"uter and M. Wagner
	and B. Wesarg and F. Wolf},
	Booktitle                = {Tools for High Performance Computing 2011},
	Year                     = {2012},
	note={\href{https://doi.org/10.1007/978-3-642-31476-6_7}{DOI: 10.1007/978-3-642-31476-6\_7}}
}


@Misc{Score-E,
	Title                    = {{Score-E}: Scalable Tools for the Analysis and Optimization of Energy Consumption in {HPC}},
	Note                     = {\url{http://www.vi-hps.org/projects/score-e}, website accessed Nov. 2019},	
	Key                      = {Score-E}
}


@InCollection{bailey2011parallel,
	Title                    = {{The NAS Parallel Benchmarks}},
	Author                   = {Bailey, David H.},
	Booktitle                = {Encyclopedia of Parallel Computing},
	Publisher                = {Springer},
	Year                     = {2011},	
	Address                  = {New York},
	Editor                   = {David Padua},
	Pages                    = {1254--1259}
}

@inproceedings{Riha2016pasc,
	Title                    = {{Massively} {Parallel} {Hybrid} {Total} {FETI} {(HTFETI)} {Solver}},
	Author                   = {Riha, Lubomir and Brzobohaty, Tomas and Markopoulos, Alexandros and Meca, Ondrej and Kozubek, Tomas},
	Booktitle                = {Proceedings of the Platform for Advanced Scientific Computing Conference},
	Year                     = {2016},
	note={\href{https://doi.org/10.1145/2929908.2929909}{DOI: 10.1145/2929908.2929909}}
}

@inproceedings{navarrete2013autotuning,
	author    = {Carmen B. Navarrete and Carla Guill{\'{e}}n and
	Wolfram Hesse and Matthias Brehm},
	title     = {Autotuning the energy consumption},
	booktitle = {Parallel Computing: Accelerating Computational Science and Engineering (CSE), Proceedings of the International Conference on Parallel Computing},
	year      = {2013},
	note={\href{https://doi.org/10.3233/978-1-61499-381-0-668}{DOI: 10.3233/978-1-61499-381-0-668}}
}


@article{MorajkoML07,
	author    = {Anna Morajko and
	Tom{\`{a}}s Margalef and
	Emilio Luque},
	title     = {Design and implementation of a dynamic tuning environment},
	journal   = {Journal of Parallel and Distributed Computing},
	year      = {2007},
	note={\href{https://doi.org/10.1016/j.jpdc.2007.01.001}{DOI: 10.1016/j.jpdc.2007.01.001}}
}

@article{calore2017evaluation,
	title={Evaluation of DVFS techniques on modern HPC processors and accelerators for energy-aware applications},
	author={Calore, Enrico and Gabbana, Alessandro and Schifano, Sebastiano Fabio and Tripiccione, Raffaele},
	journal={Concurrency and Computation: Practice and Experience},
	year={2017},
	note={\href{https://doi.org/10.1002/cpe.4143}{DOI: 10.1002/cpe.4143}}
}

@inproceedings{silvano2016antarex,
	Title={The {ANTAREX} approach to autotuning and adaptivity for energy efficient {HPC} systems},
	Author={Silvano, Cristina and Agosta, Giovanni and Cherubin, Stefano and Gadioli, Davide and Palermo, Gianluca and Bartolini, Andrea and Benini, Luca and Martinovi{\v{c}}, Jan and Palkovi{\v{c}}, Martin and Slaninov{\'a}, Kate{\v{r}}ina and others},
	Booktitle={Proceedings of the ACM International Conference on Computing Frontiers},
	Year={2016},
	Note={\href{https://doi.org/10.1145/2903150.2903470}{DOI: 10.1145/2903150.2903470}}
}

@misc{indeed,
	Title={Highly Accurate Finite Element Simulation for Sheet Metal Forming Website},
	Note                     = {\url{http://gns-mbh.com/en/produkte/indeed/}, accessed Nov. 2019},
	Journal={Indeed: gns - Gesellschaft für numerische Simulation mbH}
}

@Misc{OmegaProject,
	Title                    = {The {Omega} Project Website},
	Author                   = {Evan Rosser and Wayne Kelly and Bill Pugh and Dave Wonnacott and Tatiana Shpeisman
	and Vadim Maslov},
	Note = {\url{http://www.cs.umd.edu/projects/omega/}, accessed Nov. 2019},
}

@Misc{OmegaCalc,
	Title                    = {The {Omega} Calculator},
	Author                   = {Evan Rosser and Wayne Kelly and Bill Pugh and Dave Wonnacott and Tatiana Shpeisman
	and Vadim Maslov},
	HowPublished             = {\url{https://github.com/davewathaverford/the-omega-project}},
	Note = {\url{https://github.com/davewathaverford/the-omega-project}, accessed Nov. 2019},
}

@article{Schoene2017,
    author = {Schoene, Robert and Tschueter, Ronny and Ilsche, Thomas and Schuchart, Joseph and Hackenberg, Daniel},
    title = {{Extending the Functionality of Score-P through Plugins: Interfaces and Use Cases}},
    journal = {Tools for High Performance Computing 2016},
    year = {2017},
    pages = {59-82},
    publisher = {Springer},
    Note = {\href{https://doi.org/10.1007/978-3-319-56702-0_4}{DOI: 10.1007/978-3-319-56702-0\_4}},
}
@Inproceedings{hdeem,
	Title                    = {{HDEEM: High Definition Energy Efficiency Monitoring}},
	Author                   = {Hackenberg, D. and Ilsche, T. and Schuchart, J. and Sch\"one, R. and Nagel, W.E. and Simon, M. and Georgiou, Y.},
	Booktitle                = {Energy Efficient Supercomputing Workshop (E2SC)},
	Year                     = {2014},
	Month                    = {Nov},
	Note                     = {\href{https://doi.org/10.1109/E2SC.2014.13}{DOI: 10.1109/E2SC.2014.13}},
}

@Article{Riha2015aes,
	Title                    = {{Hybrid parallelization of the total FETI solver}},
	Author                   = {Riha, L. and Brzobohaty, T. and Markopoulos, A.},
	Journal                  = {Advances in Engineering Software},
	Year                     = {2016},
	Note                     = {\href{https://doi.org/10.1016/j.advengsoft.2016.04.004}{DOI: 10.1016/j.advengsoft.2016.04.004}},
}

@Misc{espreso,
	Title                    = {{ExaScale PaRallel FETI SOlver (ESPRESO)}},	
	Author                   = {Riha, L. and
	Brzobohaty, T. and
	Markopoulos, A. and
	Meca, O. and
	Merta, M.},
	HowPublished             = {\url{http://espreso.it4i.cz}},
	Note                     = {\url{http://espreso.it4i.cz}, accessed January 14, 2016},
}

@Inproceedings{msrsave,
	Title                    = {{Whitelisting MSRs with msr-safe}},
	Author                   = {K. Shoga, B. Rountree, M. Schulz and J. Shafer},
	Booktitle                = {3rd Workshop on Exascale Systems Programming Tools, in conjunction with SC14},
	Year                     = {2014}
}


@Inproceedings{Haswell,
	Title                    = {An Energy Efficiency Feature Survey of the {Intel} {Haswell} Processor},
	Author                   = {Hackenberg, D. and Sch\"one, R. and Ilsche, T. and Molka, D. and Schuchart, J. and Geyer, R.},
	Booktitle                = {Parallel and Distributed Processing Symposium Workshop (IPDPSW), 2015 IEEE International},
	Year                     = {2015},
	Month                    = {May},
	Note                     = {\href{https://doi.org/10.1109/IPDPSW.2015.70}{DOI: 10.1109/IPDPSW.2015.70}}
}

@inproceedings{ kumaraswamy2018design,
	author = {M. Kumaraswamy, A. Chowdhury, M. Gerndt}, 
	title = {{Design-Time Analysis for the READEX Tool Suite}},
	booktitle = {Parallel Computing is Everywhere},
	year = {2018},
	series = {Advances in Parallel Computing},
	number = {32},
	pages = {307-316},
	Note  = {\href{https://doi.org/10.3233/978-1-61499-843-3-307}{DOI: 10.3233/978-1-61499-843-3-307}},
}

@article{bostock2011d3,
 author = {Bostock, Michael and Ogievetsky, Vadim and Heer, Jeffrey},
 title = {{D3 Data-Driven Documents}},
 journal = {IEEE Transactions on Visualization and Computer Graphics},
 volume = {17},
 year = {2011},
 pages = {2301--2309},
 Note  = {\href{https://doi.org/10.1109/TVCG.2011.185}{DOI: 10.1109/TVCG.2011.185}},
}

@Inproceedings{BHJR:10:VampirOverview,
  Title                    = {Comprehensive Performance Tracking with {V}ampir 7},
  Author                   = {H.~Brunst and D.~Hackenberg and G.~Juckeland and H.~Rohling},
  Booktitle                = {Tools for High Performance Computing 2009},
  Year                     = {2010},
  pages                    = {17-29},
  journal                  = {Proceedings of the 3rd International Workshop on Parallel Tools for High Performance Computing 2009},
  Note                     = {\href{https://doi.org/10.1007/978-3-642-11261-4_2}{DOI: 10.1007/978-3-642-11261-4\_2}},
}

@inproceedings{otf2,
	author    = {Dominic Eschweiler and
	Michael Wagner and
	Markus Geimer and
	Andreas Kn{\"u}pfer and
	Wolfgang E. Nagel and
	Felix Wolf},
	title     = {{Open Trace Format 2: The Next Generation of Scalable Trace	Formats and Support Libraries}},
	booktitle = {PARCO},
	year      = {2011},
	pages     = {481-490},
	Note      = {\href{http://doi.org/10.3233/978-1-61499-041-3-481}{DOI: 10.3233/978-1-61499-041-3-481}},
}

@manual{Intel2018,
  title  = {Intel 64 and IA-32 Architectures Software Developer's Manual: Volume 3},
  author = {Intel Corp.},
  year   = {2018},
  note   = {\href{https://www.intel.com/content/www/us/en/architecture-and-technology/64-ia-32-architectures-software-developer-system-programming-manual-325384.html}{https://www.intel.com/content/www/us/en/architecture-and-technology/64-ia-32-architectures-software-developer-system-programming-manual-325384.html}, accessed 05-January-2018},
}

@Article{Lance1967,
  Title                    = {A general theory of classificatory sorting strategies},
  Author                   = {G. N. Lance and W. T. Williams},
  Journal                  = {Computer Journal},
  Year                     = {1967},
  Pages                    = {373--380},
  note                     = {\href{https://doi.org/10.1093/comjnl/9.4.373}{DOI: 10.1093/comjnl/9.4.373}},
}

@Article{Calinski1974,
  Title                    = {A dendrite method for cluster analysis},
  Author                   = {T. Calinski and J. Harabasz},
  Journal                  = {Communications in Statistics},
  Year                     = {1974},
  Pages                    = {1--27},
  note                     = {\href{https://doi.org/10.1080/03610927408827101}{DOI: 10.1080/03610927408827101}}
}


@article{ch6_ZapMerMal2016,
	author = {Zapletal, J. and Merta, M. and Mal{\'{y}}, L.},
	journal = {Computers and Mathematics with Applications},
	title = {{Boundary element quadrature schemes for multi- and many-core architectures}},
	year = {2017},
	note = {\href{https://doi.org/10.1016/j.camwa.2017.01.018}{DOI: 10.1016/j.camwa.2017.01.018}},
}


@Inproceedings{ch6_MerZapJar2016,
	Title                    = {{Many Core Acceleration of the Boundary Element Method}},
	Author                   = {M. Merta, J. Zapletal, J. Jaros},
	Booktitle                = {High Performance Computing in Science and Engineering: Second International Conference, HPCSE 2015},
	Year                    = {2016},
	Pages                   = {116--125},
	Publisher               = {Springer International Publishing},
	note = {\href{https://doi.org/10.1007/978-3-319-40361-8_8}{DOI: 10.1007/978-3-319-40361-8\_8}},
}

@MISC{ch6_MerZap2013,
	author = {M. Merta, J. Zapletal},
	title = {{BEM4I}},
	howpublished = {\url{http://bem4i.it4i.cz/}},
	year = {2013},
	organization = {IT4Innovations National Supercomputing Center}
}


@article{ESPRESOijhpca,
		author = {Lubomir Riha and Michal Merta and Radim Vavrik and Tomas Brzobohaty and Alexandros Markopoulos and Ondrej Meca and Ondrej Vysocky and Tomas Kozubek and Vit Vondrak},
		title ={{A massively parallel and memory-efficient FEM toolbox with a hybrid total FETI solver with accelerator support}},
		journal = {The International Journal of High Performance Computing Applications},
        year = {2018},
		note = {\href{https://doi.org/10.1177/1094342018798452}{DOI: 10.1177/1094342018798452}},
}

@article{Rojek,
author = {Rojek, Krzysztof and Ilic, Aleksandar and Wyrzykowski, Roman and Sousa, Leonel},
title = {{Energy-aware mechanism for stencil-based MPDATA algorithm with constraints}},
journal = {Concurrency and Computation: Practice and Experience},
volume = {29},
pages = {e4016},
note = {\href{https://doi.org/10.1002/cpe.4016}{DOI: 10.1002/cpe.4016}}},
}


@InProceedings{Marathe,
author={Marathe, Aniruddha
and Bailey, Peter E.
and Lowenthal, David K.
and Rountree, Barry
and Schulz, Martin
and de Supinski, Bronis R.},
title={{A Run-Time System for Power-Constrained HPC Applications}},
booktitle={High Performance Computing},
year={2015},
pages={394--408},
note = {\href{https://doi.org/10.1007/978-3-319-20119-1_28}{DOI: 10.1007/978-3-319-20119-1\_28}}},
}

@inproceedings{Imes,
 author = {Imes, Connor and Hofmeyr, Steven and Hoffmann, Henry},
 title = {Energy-efficient Application Resource Scheduling Using Machine Learning Classifiers},
 booktitle = {Proceedings of the 47th International Conference on Parallel Processing},
 series = {ICPP 2018},
 year = {2018},
 pages = {45:1--45:11},
 note = {\href{https://doi.org/10.1145/3225058.3225088}{DOI: 10.1145/3225058.3225088}},
}

@InProceedings{geopm,
author={Eastep, Jonathan
and Sylvester, Steve
and Cantalupo, Christopher
and Geltz, Brad
and Ardanaz, Federico
and Al-Rawi, Asma
and Livingston, Kelly
and Keceli, Fuat
and Maiterth, Matthias
and Jana, Siddhartha},
title={{Global Extensible Open Power Manager: A Vehicle for HPC Community Collaboration on Co-Designed Energy Management Solutions}},
booktitle={High Performance Computing},
year={2017},
pages={394--412},
note = {\href{https://doi.org/10.1007/978-3-319-58667-0_21}{DOI: 10.1007/978-3-319-58667-0\_21}},
}

@inproceedings{PDPTA_18_Kumaraswamy,
	author = {M. Kumaraswamy, M. Gerndt}, 
	title = {{Leveraging Inter-Phase Application Dynamism for Energy-Efficiency Auto-tuning}},
	pages = {132-138},
	booktitle = {PDPTA'18: The 24th International Conference on Parallel and Distributed Processing Techniques and Applications},
	year = {2018},
	Note = {\url{https://csce.ucmss.com/cr/books/2018/ConferenceReport?ConferenceKey=PDP}},
}

@article{Sander-1998,
	author = {Sander, J\"{o}rg and Ester, Martin and Kriegel, Hans-Peter and Xu, Xiaowei},
	title = {{Density-Based Clustering in Spatial Databases: The Algorithm GDBSCAN and Its Applications}},
	journal = {Data Min. Knowl. Discov.},
	volume = {2},
	year = {1998},
	pages = {169--194},
    note = {\href{https://doi.org/10.1023/A:1009745219419}{DOI: 10.1023/A:1009745219419}},
}

@article{gaonkar2013autoepsdbscan,
	title={{AutoEpsDBSCAN: DBSCAN with Eps automatic for large dataset}},
	author={Gaonkar, Manisha Naik and Sawant, Kedar},
	journal={International Journal on Advanced Computer Theory and Engineering},
	volume={2},
	pages={11--16},
	year={2013}
}

@inproceedings{Ester-1996,
	author = {Ester, Martin and Kriegel, Hans-Peter and Sander, J\"{o}rg and Xu, Xiaowei},
	title = {{A Density-based Algorithm for Discovering Clusters a Density-based Algorithm for Discovering Clusters in Large Spatial Databases with Noise}},
	booktitle = {Proceedings of the Second International Conference on Knowledge Discovery and Data Mining},
	series = {KDD'96},
	year = {1996},
	pages = {226--231},
}
@InProceedings{rs_hotpower12,
	Title                    = {{Memory Performance at Reduced CPU Clock Speeds: An Analysis of Current x86\_64 Processors}},
	Author                   = {Sch{\"{o}}ne, Robert and Hackenberg, Daniel and Molka, Daniel},
	Booktitle                = {Proceedings of the 5th Workshop on Power-Aware Computing and Systems (HotPower)},
	Year                     = {2012},
	Note                     = {\url{http://dl.acm.org/citation.cfm?id=2387869.2387878}}
}
@Article{coral_benchmarks,
	Title                    = {{Power and performance characteristics of CORAL Scalable Science Benchmarks on BlueGene/Q Mira}},
	Author                   = {Wu, Xingfu and Taylor, Valerie},
	Journal                  = {Sixth International Green and Sustainable Computing Conference (IGSC)},
	Year                     = {2015},
	Note                     = {\href{https://doi.org/10.1109/IGCC.2015.7393681}{DOI: 10.1109/IGCC.2015.7393681}},
}
@article{npb,
author = {Bailey, D.H. and Barszcz, E. and Barton, J.T. and Browning, D.S. and Carter, R.L. and Dagum, L. and Fatoohi, R.A. and Frederickson, P.O. and Lasinski, T.A. and Schreiber, R.S. and Simon, H.D. and Venkatakrishnan, V. and Weeratunga, S.K.},
title = {{The NAS Parallel Benchmarks}},
journal = {The International Journal of Supercomputing Applications},
volume = {5},
pages = {63--73},
Note = {\href{https://doi.org/10.1177/109434209100500306}{DOI: 10.1177/109434209100500306}},
}
